@article{valiant-cacm-1990,
  author  = {Leslie Valiant},
  title   = {{A Bridging Model for Parallel Computation}},
  journal = {{Communications of the ACM}},
  volume  = 33,
  number  = 8,
  month   = aug,
  year    = 1990,
  pages   = {103--111},
} 

