@article{saritaSMCM1995,
  author  = {Sarita V.Adve, Kourosh Gharachorloo},
  title   = {{Shared Memory Consistency Models: A Tutorial}},
  journal = {{Rice University ECE Technical Report 9512}},
  year    = 1995,
} 