@article{herlihyLACCCO1990,
  author  = {Maurice P. Herlihy, Jeannette M. Wing},
  title   = {{Linearizability: A Correctness Condition for Concurrent Objects}},
  journal = {{ACM Transactions on Programming Languages and Systems}},
  year    = 1990,
} 

@article{AMP,
  author  = {Maurice Herlihy, Nir Shavit},
  title   = {{The Art of Multiprocessor Programming}},
  journal = {{Chapter 3}},
  year    = 2012,
} 