@article{ghemawat2003google,
  author  = {Sanjay Ghemawat, Howard Gobioff, Shun-Tak Leung},
  title   = {{The Google File System}},
  journal = {{SOSP}},
  year    = 2003,
} 

@article{howGFSworks,
  author  = {Jonathan Strickland},
  title   = {{How the Google File System Works}},
  journal = {{How Stuff Works}},
  year    = 2008,
} 