@article{emery2000Hoard,
  author  = {Emery D. Berger, Kathryn S. McKinley, Robert D. Blumofe, Paul R. Wilson},
  title   = {{Hoard: A Scalable Memory Allocator for Multithreaded Applications}},
  journal = {{ASPLOS}},
  year    = 2000,
}